
@book{kalbfleisch_statistical_2002,
	title = {The statistical analysis of failure time data},
	url = {https://search.library.wisc.edu/catalog/9911135486302121},
	abstract = {1 online resource (xiii, 439 pages) : illustrations},
	publisher = {2nd ed. Hoboken, N.J. : J. Wiley, [2002] Â©2002},
	author = {Kalbfleisch, J. D},
	year = {2002},
	annote = {Includes bibliographical references (pages 404-427) and indexes.;Electronic reproduction. [S.l.] : HathiTrust Digital Library, 2010.;Master and use copy. Digital master created according to Benchmark for Faithful Digital Reproductions of Monographs and Serials, Version 1. Digital Library Federation, December 2002.}
}